@INPROCEEDINGS{AIsh, 
author={N. Ishihara and N. Funabiki and M. Kuribayashi and W. C. Kao}, 
booktitle={2017 IEEE 31st International Conference on Advanced Information Networking and Applications (AINA)}, 
title={A Proposal of Software Architecture for Java Programming Learning Assistant System}, 
year={2017}, 
volume={}, 
number={}, 
pages={64-70}, 
keywords={Java;computer science education;programming;software architecture;source code (software);JPLAS;Java programming educations;Java programming learning assistant system;code writing problems;element fill-in-blank problems;software architecture;statement fill-in-blank problems;Databases;Java;Programming profession;Registers;Software architecture;Writing}, 
doi={10.1109/AINA.2017.56}, 
ISSN={1550-445X}, 
month={March},}
@INPROCEEDINGS{ATak, 
author={M. Takata and Y. Miyata and N. Nishikawa}, 
booktitle={2015 IEEE International Conference on Industrial Technology (ICIT)}, 
title={Proposal of analytics software architecture with data preparation layer for fast event identification in wide-area situational awareness}, 
year={2015}, 
volume={}, 
number={}, 
pages={1741-1746}, 
keywords={data preparation;pattern clustering;query processing;software architecture;string matching;time series;PMU;analytical system;analytics software architecture;cluster;data preparation layer;event identification;index creation;phasor measurement units;query;similar patterns retrieval;string;time-series data patterns;time-series data process;user required patterns;wide-area power disturbance;wide-area situational awareness;Computer architecture;Data analysis;Data mining;Indexes;Phasor measurement units;Power systems;Real-time systems}, 
doi={10.1109/ICIT.2015.7125349}, 
ISSN={}, 
month={March},}