@book{LBol,
	author = {Bola√±os, S.},
	title = {Metaproceso},
	date = {2-7-2018},

}
